@ARTICLE{2008ApJ...677.1216H,
       author = {{Hinderer}, Tanja},
        title = "{Tidal Love Numbers of Neutron Stars}",
      journal = {\apj},
     keywords = {equation of state, gravitation, relativity, stars: neutron, Astrophysics, General Relativity and Quantum Cosmology},
         year = 2008,
        month = apr,
       volume = {677},
       number = {2},
        pages = {1216-1220},
          doi = {10.1086/533487},
archivePrefix = {arXiv},
       eprint = {0711.2420},
 primaryClass = {astro-ph},
       adsurl = {https://ui.adsabs.harvard.edu/abs/2008ApJ...677.1216H},
      adsnote = {Provided by the SAO/NASA Astrophysics Data System}
}

@article{Apostolatos:1994mx,
    author = "Apostolatos, Theocharis A. and Cutler, Curt and Sussman, Gerald J. and Thorne, Kip S.",
    title = "{Spin induced orbital precession and its modulation of the gravitational wave forms from merging binaries}",
    reportNumber = "GRP-382",
    doi = "10.1103/PhysRevD.49.6274",
    journal = "Phys. Rev. D",
    volume = "49",
    pages = "6274--6297",
    year = "1994"
}

@article{Begelman:1980vb,
    author = "Begelman, M.C. and Blandford, R.D. and Rees, M.J.",
    title = "{Massive black hole binaries in active galactic nuclei}",
    doi = "10.1038/287307a0",
    journal = "Nature",
    volume = "287",
    pages = "307--309",
    year = "1980"
}